<?xml version="1.0" encoding="utf-8"?>
<record xmlns="http://www.loc.gov/MARC21/slim" xmlns:xsi="http://www.w3.org/2001/XMLSchema-instance" xsi:schemaLocation="http://www.loc.gov/MARC21/slim http://www.loc.gov/standards/marcxml/schema/MARC21slim.xsd">
	<leader>     nam a22     Mi 4500</leader>
	<controlfield tag="001">b12487855</controlfield>
	<controlfield tag="003">LeBAU</controlfield>
	<controlfield tag="006">m        d        </controlfield>
	<controlfield tag="007">cr cn |||m|||a</controlfield>
	<controlfield tag="008">210422s1953    ua      o     ||0 0 ara d</controlfield>
	<datafield ind1=" " ind2=" " tag="040">
		<subfield code="a">ZYU</subfield>
		<subfield code="b">ara</subfield>
		<subfield code="e">rda</subfield>
		<subfield code="c">ZYU</subfield>
	</datafield>
	<datafield ind1="0" ind2="4" tag="082">
		<subfield code="a">492.77</subfield>
		<subfield code="2">20</subfield>
	</datafield>
	<datafield ind1="0" ind2="0" tag="245">
		<subfield code="6">880-01</subfield>
		<subfield code="a">al-Jumānah fī izālat al-raṭānah :</subfield>
		<subfield code="b">baḥth fī lughat al-takhāṭub fī al-Andalus wa-Tūnis li-baʻḍ ʻulamāʼ al-qarn al-tāsiʻ al-Hijrī /</subfield>
		<subfield code="c">mahhada la-hu wa-ḥaqqaqahu wa-ʻallaqa ʻalayh Ḥasan Ḥusnī ʻAbd al-Wahhāb al-Ṣamādḥī, ʻuḍw al-Majmaʻ al-Miṣrī li-al-Lughah al-ʻArabīyah.</subfield>
	</datafield>
	<datafield ind1=" " ind2="1" tag="264">
		<subfield code="6">880-02</subfield>
		<subfield code="a">al-Qāhirah :</subfield>
		<subfield code="b">al-Maʻhad al-ʻIlmī al-Faransī lil-Āthār al-Sharqīyah,</subfield>
		<subfield code="c">1953.</subfield>
	</datafield>
	<datafield ind1=" " ind2=" " tag="300">
		<subfield code="6">880-03</subfield>
		<subfield code="a">online resource (ḥ-ʻ, 40 pages)</subfield>
	</datafield>
	<datafield ind1=" " ind2=" " tag="336">
		<subfield code="a">text</subfield>
		<subfield code="2">rdacontent</subfield>
	</datafield>
	<datafield ind1=" " ind2=" " tag="337">
		<subfield code="a">computer</subfield>
		<subfield code="2">rdamedia</subfield>
	</datafield>
	<datafield ind1=" " ind2=" " tag="338">
		<subfield code="a">online resource</subfield>
		<subfield code="2">rdacarrier</subfield>
	</datafield>
	<datafield ind1="1" ind2=" " tag="490">
		<subfield code="6">880-04</subfield>
		<subfield code="a">Maṭbūʻāt al-Maʻhad al-ʻIlmī lil-Āthār al-Sharqīyah bi-al-Qāhirah. Majmūʻat nuṣūṣ ʻArabīyah wa-dirāsāt Islāmīyah ;</subfield>
		<subfield code="v">al-ʻadad al-tāsiʻ</subfield>
	</datafield>
	<datafield ind1=" " ind2=" " tag="500">
		<subfield code="a">&quot;بعد بحث طويل وتنقيب في كتب طبقات الرجال والتراجم لم نتوصل بعد الى معرفة مؤلف رسالة &quot;الجمانة في إزالة الرطانة&quot; &quot;--صفحة م.</subfield>
	</datafield>
	<datafield ind1=" " ind2=" " tag="500">
		<subfield code="a">Part of the Arabic Collections Online (ACO) project, contributed by American University of Beirut's Jafet Memorial Library.</subfield>
	</datafield>
	<datafield ind1=" " ind2=" " tag="533">
		<subfield code="a">Electronic reproduction.</subfield>
		<subfield code="b">New York, N.Y. :</subfield>
		<subfield code="c">New York University,</subfield>
		<subfield code="d">2021.</subfield>
		<subfield code="5">NNU</subfield>
	</datafield>
	<datafield ind1=" " ind2="4" tag="650">
		<subfield code="a">اللغة العربية</subfield>
		<subfield code="x">مصطلحات وتعابير.</subfield>
	</datafield>
	<datafield ind1=" " ind2="4" tag="650">
		<subfield code="a">اللغة العربية</subfield>
		<subfield code="x">اللهجات</subfield>
		<subfield code="z">اسبانيا</subfield>
		<subfield code="z">الاندلس.</subfield>
	</datafield>
	<datafield ind1=" " ind2="4" tag="650">
		<subfield code="a">اللغة العربية</subfield>
		<subfield code="x">اللهجات</subfield>
		<subfield code="z">تونس.</subfield>
	</datafield>
	<datafield ind1=" " ind2="0" tag="650">
		<subfield code="a">Arabic language</subfield>
		<subfield code="v">Terms and phrases.</subfield>
	</datafield>
	<datafield ind1=" " ind2="0" tag="650">
		<subfield code="a">Arabic language</subfield>
		<subfield code="x">Dialects</subfield>
		<subfield code="z">Spain</subfield>
		<subfield code="z">Andalusia.</subfield>
	</datafield>
	<datafield ind1=" " ind2="0" tag="650">
		<subfield code="a">Arabic language</subfield>
		<subfield code="x">Dialects</subfield>
		<subfield code="z">Tunisia.</subfield>
	</datafield>
	<datafield ind1="1" ind2=" " tag="700">
		<subfield code="6">880-05</subfield>
		<subfield code="a">ʻAbd al-Waḥḥāb, Ḥasan Ḥusnī.</subfield>
		<subfield code="e">author of introduction, etc.</subfield>
		<subfield code="0">https://lccn.loc.gov/n84034984 ,</subfield>
	</datafield>
	<datafield ind1="1" ind2=" " tag="700">
		<subfield code="6">880-06</subfield>
		<subfield code="a">ʻAbd al-Waḥḥāb, Ḥasan Ḥusnī.</subfield>
		<subfield code="e">annotator.</subfield>
		<subfield code="0">https://lccn.loc.gov/n84034984 ,</subfield>
	</datafield>
	<datafield ind1="1" ind2=" " tag="700">
		<subfield code="6">880-07</subfield>
		<subfield code="a">ʻAbd al-Waḥḥāb, Ḥasan Ḥusnī.</subfield>
		<subfield code="e">commentator for written text.</subfield>
		<subfield code="0">https://lccn.loc.gov/n84034984 ,</subfield>
	</datafield>
	<datafield ind1="2" ind2=" " tag="710">
		<subfield code="a">Jafet Memorial Library.</subfield>
	</datafield>
	<datafield ind1="0" ind2=" " tag="730">
		<subfield code="a">Arabic Collections Online.</subfield>
	</datafield>
	<datafield ind1="0" ind2="8" tag="776">
		<subfield code="i">Print version:</subfield>
		<subfield code="t">al-Jumānah fī izālat al-raṭānah</subfield>
		<subfield code="w">(LeBAU)b12487855</subfield>
	</datafield>
	<datafield ind1=" " ind2="0" tag="830">
		<subfield code="6">880-08</subfield>
		<subfield code="a">Textes arabes et études islamiques ;</subfield>
		<subfield code="v">9.</subfield>
	</datafield>
	<datafield ind1="4" ind2="0" tag="856">
		<subfield code="u">http://hdl.handle.net/2333.1/hdr7t282</subfield>
	</datafield>
	<datafield ind1="0" ind2="3" tag="880">
		<subfield code="6">245-01</subfield>
		<subfield code="a">الجمانة في إزالة الرطانة :</subfield>
		<subfield code="b">بحث في لغة التخاطب في الأندلس وتونس لبعض علماء القرن التاسع الهجري /</subfield>
		<subfield code="c">مهد له وحققه وعلق عليه حسن حسني عبد الوهاب الصمادحي، عضو المجمع المصري للغة العربية.</subfield>
	</datafield>
	<datafield ind1=" " ind2="1" tag="880">
		<subfield code="6">264-02</subfield>
		<subfield code="a">القاهرة :</subfield>
		<subfield code="b">مطبعة المعهد العلمي الفرنسي للآثار الشرقية،</subfield>
		<subfield code="c">1953.</subfield>
	</datafield>
	<datafield ind1=" " ind2=" " tag="880">
		<subfield code="6">300-03</subfield>
		<subfield code="a">ح-ع، 40 صفحة ؛</subfield>
		<subfield code="c">28 سم.</subfield>
	</datafield>
	<datafield ind1="1" ind2=" " tag="880">
		<subfield code="6">490-04</subfield>
		<subfield code="a">مطبوعات المعهد العلمي للآثار الشرقية بالقاهرة. مجموعة نصوص عربية ودراسات إسلامية ؛</subfield>
		<subfield code="v">العدد التاسع</subfield>
	</datafield>
	<datafield ind1="1" ind2=" " tag="880">
		<subfield code="6">700-05</subfield>
		<subfield code="a">عبد الوهاب، حسن حسني،</subfield>
		<subfield code="0">https://lccn.loc.gov/n84034984 ,</subfield>
		<subfield code="e">مؤلف مقدمة. </subfield>
		<subfield code="4">aui.</subfield>
	</datafield>
	<datafield ind1="1" ind2=" " tag="880">
		<subfield code="6">700-06</subfield>
		<subfield code="a">عبد الوهاب، حسن حسني،</subfield>
		<subfield code="0">https://lccn.loc.gov/n84034984 ,</subfield>
		<subfield code="e">محقق. </subfield>
		<subfield code="4">ann.</subfield>
	</datafield>
	<datafield ind1="1" ind2=" " tag="880">
		<subfield code="6">700-07</subfield>
		<subfield code="a">عبد الوهاب، حسن حسني،</subfield>
		<subfield code="0">https://lccn.loc.gov/n84034984 ,</subfield>
		<subfield code="e">معلق على النص. </subfield>
		<subfield code="4">cwt.</subfield>
	</datafield>
	<datafield ind1=" " ind2="0" tag="880">
		<subfield code="6">830-08</subfield>
		<subfield code="a">مجموعة نصوص عربية ودراسات إسلامية ؛</subfield>
		<subfield code="v">9.</subfield>
	</datafield>
	<datafield ind1=" " ind2=" " tag="959">
		<subfield code="a">NNU</subfield>
		<subfield code="b">WEB</subfield>
		<subfield code="c">GENI</subfield>
		<subfield code="t">0</subfield>
		<subfield code="m">Electronic access</subfield>
		<subfield code="s">01</subfield>
	</datafield>
	<datafield ind1=" " ind2=" " tag="999">
		<subfield code="i">LeBAU_b12487855</subfield>
		<subfield code="s">aub_aco004409</subfield>
		<subfield code="e">(ERROR-MISC)</subfield>
	</datafield>
</record>
